2206 3136
557 311 728 360 ,94-

252 415 352 479 poetria
371 432 409 464 ars
427 417 532 480 poetica.

252 485 354 548 praeire
372 501 496 549 superare.

252 554 395 616 praelibare
412 563 520 616 gustare.

252 623 397 684 praesignis
416 622 508 672 hilaris.

253 693 361 752 praesul
376 708 482 754 praeses,
501 694 627 758 magister,
646 695 789 760 episcopus.

253 760 380 823 presbyter
397 761 521 810 sacerdos.

252 829 350 888 prieris
368 840 408 886 24.
428 845 461 878 sc.
483 831 591 893 pietatis.

253 901 392 956 procurare
407 897 506 948 servire.

252 964 377 1026 prodigus
395 976 564 1030 sumptuosus.

251 1029 461 1096 promptuarium
479 1037 543 1084 cella
561 1037 671 1102 penaria.

252 1102 351 1162 pruina
369 1102 425 1150 loca
443 1103 535 1166 frigida
553 1107 592 1154 vel
610 1123 735 1171 caupona.

257 1237 416 1302 Redarguere
433 1243 462 1289 de
478 1258 602 1294 accusare.

258 1309 363 1356 redolere
381 1309 463 1358 videre
482 1311 570 1363 facere.

257 1385 381 1438 regestum
403 1378 467 1427 liber
485 1381 671 1429 commentariis
689 1381 831 1429 instructus.

257 1460 333 1506 regna
346 1449 465 1509 polorum
485 1449 583 1512 piorum
602 1450 674 1497 sedes
690 1465 719 1498 ac
737 1449 814 1497 locus.

256 1515 361 1576 regulus
379 1531 482 1579 serpens
501 1534 591 1581 parvus
610 1519 650 1566 vel
668 1517 784 1568 Basilisk.

257 1583 386 1644 reprobare
404 1584 507 1634 omnino
526 1603 577 1634 non
596 1587 710 1650 probare.

256 1651 375 1714 reprobus
397 1652 517 1715 perditus,

256 1733 365 1769 reserare
383 1738 515 1785 exponere.

256 1791 322 1837 rima
343 1807 439 1839 cavum.

257 1875 314 1906 rosa
333 1876 396 1919 rosa,
416 1861 533 1922 pretium.

256 1929 379 1986 rosarius,
400 1944 424 1978 n.
443 1929 529 1976 vinum
547 1930 657 1988 rubrum,
677 1947 709 1979 m.
729 1929 772 1992 qui
792 1929 818 1976 id
835 1927 908 1977 bibit.

256 2010 325 2042 rosea
343 1996 430 2043 vinum
448 1998 558 2048 rubrum.

256 2132 340 2180 Sacris
358 2134 461 2180 induere
481 2133 598 2182 omnibus
617 2135 692 2183 bonis
711 2143 826 2182 evertere.

256 2202 393 2258 saeculum,
415 2203 443 2248 in
462 2202 488 2250 in
508 2211 608 2266 tempus
628 2203 763 2252 infinitum.

256 2277 340 2332 sapere
358 2272 429 2321 scire.

256 2356 280 2386 se
298 2355 344 2403 pro
363 2356 436 2404 pron.
455 2337 475 2385 is
493 2354 522 2386 ea
541 2339 574 2390 id.

255 2415 319 2456 secta
338 2425 353 2456 a
370 2407 448 2472 sequi.

256 2493 359 2525 securus
377 2478 467 2526 salvus.

256 2561 311 2592 sera
330 2545 428 2606 Riegel.
