2206 3136
515 432 549 440 ..
584 403 617 453 86
652 381 686 439 ἶ.

579 518 626 573 3⁰.

251 627 276 676 Si
295 628 360 675 bene
380 601 510 692 perpendi,
529 634 588 675 sunt
605 642 695 675 causae
715 625 827 689 quinque
844 624 965 672 bibendi:

283 712 400 776 Hospitis
419 720 530 771 eventus,
549 727 668 776 praesens
687 711 740 758 sitis
759 718 834 774 atque
852 709 947 769 sutura,

250 798 308 845 Mos
326 797 497 846 observandus
515 796 550 845 sic
569 795 694 860 repperiat
712 812 757 843 sua
773 795 828 858 jura
855 819 857 822 ·

283 883 316 930 Et
334 891 439 947 propter
455 883 552 948 pulices
569 881 744 946 multiplicabo
764 881 838 930 vices.

581 1065 619 1119 31.

424 1173 535 1221 Primum
553 1180 643 1236 potum

425 1258 488 1306 Bibe
507 1266 595 1317 totum,

425 1343 571 1392 Secundum
590 1343 629 1391 bis
651 1343 770 1403 medium,

423 1428 537 1477 Tertium
555 1445 634 1492 usque
653 1429 685 1476 ad
704 1428 790 1484 imum,

423 1515 533 1576 Quartus
552 1514 615 1562 sicut
634 1514 755 1578 primurn:

424 1601 466 1650 Sic
485 1601 563 1649 debes
580 1600 666 1649 bibere
685 1601 778 1649 vinum.

573 1767 618 1821 32.

215 1872 241 1921 Si
260 1883 452 1939 praeceptorum
471 1882 583 1939 superest
602 1873 647 1922 tibi
668 1891 727 1923 cura
745 1875 856 1934 deorum,

215 1959 292 2008 Parce
311 1978 374 2025 puer
391 1962 473 2025 nugis,
496 1963 557 2010 dum
575 1977 616 2009 rus
635 1961 692 2009 colo
712 1959 930 2025 tempore‚srugis

214 2047 354 2110 l‘raefigam
371 2056 460 2107 metas,
481 2049 569 2112 quales
587 2055 630 2096 tua
650 2047 762 2112 postulat
781 2055 858 2105 aetas,

215 2131 292 2191 Quas,
312 2132 332 2180 si
350 2133 554 2197 transgredieris,
572 2135 638 2182 male
657 2135 689 2183 de
706 2134 830 2183 monitore
847 2131 964 2181 mereris:

217 2215 300 2264 Stratu
321 2225 468 2284 contempto
487 2236 585 2268 summo
602 2227 626 2268 te
644 2235 718 2268 mane
736 2220 825 2278 leva10,

216 2301 319 2364 Facque
337 2302 446 2366 legendo
459 2321 555 2354 moram
568 2311 688 2368 quartam
700 2305 831 2353 dumtaxat
843 2303 875 2351 ad
884 2303 986 2364 horam,
1072 2369 1073 2378 ἵ

217 2385 314 2444 Quinta
333 2403 403 2438 sume
420 2389 514 2448 cibum,
534 2390 621 2438 vinum
639 2390 706 2451 bibe,
725 2391 770 2438 sed
790 2390 960 2447 moderatum,
1072 2381 1073 2437 l

213 2469 246 2518 Et
264 2487 370 2534 pransus
387 2475 495 2524 breviter
512 2475 603 2534 dormi,
623 2474 664 2522 vel
682 2475 742 2524 lude
760 2491 904 2540 parumper.

214 2558 353 2619 Postquam
371 2559 507 2619 dormieris
525 2561 561 2608 sic
579 2577 634 2609 mos
653 2567 718 2620 tuus,
738 2568 766 2610 ut
784 2559 919 2610 mediteris.

213 2641 285 2701 Quae
304 2644 440 2692 meditatus
458 2644 505 2692 eris
523 2645 616 2694 tabulis
632 2647 692 2695 dare
712 2663 744 2695 ne
762 2645 901 2711 pigriteris;
