2160 3134
495 374 526 424 2,
563 393 594 398 -

297 485 386 532 Primo
405 500 453 548 pro
473 491 603 532 nummata
617 483 676 538 vini.

295 569 341 616 Ex
361 570 409 616 har
427 569 519 618 bibunt
536 568 659 617 libertini:

300 654 384 704 Semel
402 654 495 703 bibunt
509 670 561 718 pro„
570 654 684 718 captivis.

299 740 359 787 Post
377 739 439 788 haec
456 739 548 787 bibunt
566 745 604 787 ter
621 756 667 803 pro
685 739 756 795 vivis,

299 826 396 884 Quater
413 841 459 889 pro
481 824 623 874 christianis
641 824 746 882 cunctis,

298 910 438 974 Quinquies
456 926 503 974 pro
522 910 640 959 fidelibus
660 909 793 967 defunctis,
855 909 860 923 “

297 995 381 1043 Sexies
398 1012 444 1060 pro
462 995 590 1044 sororibus
607 995 688 1052 vanis,
718 1019 721 1030 ν

296 1080 389 1143 Septies
407 1096 453 1144 pro
471 1079 595 1128 militibus
613 1079 724 1132 silvanis.

299 1249 378 1297 Octe'es
396 1266 441 1313 pro
459 1249 577 1298 fratribus
596 1248 727 1312 perversis,

297 1335 394 1382 Nove'es
412 1351 458 1399 pro
479 1334 611 1384 monachis
630 1334 757 1398 dispersis,

293 1420 386 1467 *Decies
405 1435 450 1483 pro
469 1419 655 1482 navigantibus,

302 1505 420 1553 Undecies
438 1521 483 1568 pro
502 1503 713 1561 discordantibus,

244 1585 250 1592 ’
298 1591 438 1639 Duodeeies
455 1607 501 1655 pro
521 1590 717 1654 poenitentibus,

302 1677 426 1724 Tredecies
443 1693 489 1740 pro
508 1675 554 1724 iter
571 1675 713 1737 agentibus.

298 1763 361 1810 Tam
380 1779 426 1826 pro
444 1777 513 1825 papa
531 1769 582 1809 tam
599 1777 646 1825 pro
663 1777 722 1824 rege

299 1845 394 1896 Bibunt
414 1862 503 1895 omnes
521 1846 575 1894 sine
592 1846 657 1909 lege.

298 2015 365 2064 Bibit
383 2017 450 2076 hera,
472 2016 537 2065 bibit
555 2017 637 2075 herus,

298 2101 366 2150 Bibit
384 2102 466 2160 miles,
486 2102 552 2150 bibit
570 2102 658 2160 clerus,

299 2187 368 2235 Bibit
386 2187 437 2247 ille,
457 2187 521 2235 bibit
542 2187 594 2246 illa,

299 2271 366 2320 Bibit
384 2288 469 2320 servus
487 2288 545 2320 cum
563 2271 664 2330 ancilla,

207 2377 218 2397 ο
300 2357 369 2406 Bibit
386 2357 468 2417 velox,
486 2357 553 2406 bibit
570 2357 649 2422 piger,

299 2442 367 2491 Bibit
386 2443 466 2501 albus,
486 2442 552 2490 bibit
571 2442 651 2506 niger,

300 2528 368 2576 Bibit
386 2536 512 2587 constans,
531 2528 596 2576 bibit
612 2543 701 2591 vagus,

301 2613 367 2662 bibit
385 2615 462 2670 rudis,
483 2613 549 2662 bibit
567 2629 664 2677 magus.
