2206 3136
399 367 568 414 ,ψ

91 475 249 537 degenerare
263 489 345 521 mores
363 479 467 524 mutare.

93 543 211 606 delegare
228 541 356 589 nunciare.
493 600 495 604 ι

94 610 214 658 deludere
233 609 347 657 ludendo
366 611 511 673 deperdere.

94 679 228 726 denudare
245 678 361 741 spoliare.

94 747 191 794 descire
208 745 331 794 oblivioni
349 747 453 795 tradere.

95 816 184 873 Deus,
204 816 262 861 Dea
280 813 304 864 8.
323 814 435 878 intellige
454 816 541 864 vinum
560 826 585 866 et
604 833 676 880 aqua.

95 885 234 932 dictamine
254 883 289 939 ire,
308 883 334 931 in
353 884 495 935 scribendo

95 952 215 1016 dionysia
233 951 357 1000 convivia.

42 1061 45 1066 .
95 1022 223 1068 discretus
243 1019 366 1082 egregius,
387 1015 545 1069 venerabilis.

96 1091 182 1137 ditare
200 1088 304 1136 diuitem
321 1088 412 1138 facere.

95 1161 191 1206 damus
205 1157 303 1220 lapideo
322 1173 446 1222 caupona.

96 1228 220 1282 douceur,
233 1233 288 1290 par
307 1243 320 1274 e
338 1227 466 1276 suavitate.

97 1365 206 1412 Electus
218 1363 340 1420 Coloniae,
355 1362 497 1411 Rainaldus
516 1362 723 1427 archiepiscopus
738 1363 868 1418 Coloniae,

116 1432 219 1484 ,fautor
242 1431 351 1480 auctoris
372 1447 447 1495 quem
466 1431 554 1480 dicunt
572 1431 754 1496 Archipoetam
778 1439 803 1480 et
826 1431 869 1495 qui

135 1501 197 1548 vixit
214 1518 233 1550 s.
252 1501 304 1548 XII
322 1516 347 1563 p.
366 1501 425 1549 Chr.

98 1575 203 1626 eventus
221 1585 254 1618 sc.
275 1585 388 1632 prosper.

99 1654 131 1686 ex
150 1639 197 1685 leae
217 1637 328 1686 secundo
348 1637 414 1686 loc0.

29 1737 30 1742 =
99 1707 248 1770 exprobrare
266 1705 364 1754 crimini
383 1706 450 1754 dare.

29 1837 30 1842 ¹
101 1845 201 1892 Fallere
213 1842 338 1890 mendacii
356 1858 499 1906 coarguere.

94 1913 262 1975 fantasmata
285 1912 396 1959 umbrae.

94 1981 182 2044 favas
199 1980 318 2045 placenta
333 1979 436 2031 mellita.

95 2049 203 2112 ferialis
222 2065 267 2112 pro
285 2047 378 2096 feralis.

95 2119 181 2182 fidelis
200 2117 347 2166 commilito.

29 2193 30 2218 z
96 2188 175 2250 flores
193 2199 233 2234 22.
254 2185 319 2234 thea.

96 2257 211 2318 florescit
228 2271 273 2318 pro
292 2255 427 2302 florescunt
448 2267 469 2304 1.

96 2323 256 2386 foecundarc
272 2322 427 2370 foecundum
445 2321 557 2371 reddere.

95 2391 188 2453 forum
207 2391 368 2455 Marktplatz.

97 2461 196 2524 fratres
208 2461 325 2524 perversi
341 2459 370 2508 fr.
390 2460 415 2508 in
434 2477 541 2509 errorem
562 2460 666 2512 inducti.

96 2529 258 2593 fructificare
275 2529 384 2576 fructum
402 2529 516 2578 reddere.

96 2598 195 2660 sutura
213 2615 252 2646 res
269 2597 375 2648 futurae.
