2206 3136
426 426 458 432 ..
494 398 525 462 35
565 429 593 436 ,

489 514 533 568 27.

159 617 277 666 Bacchus
295 627 346 668 erat
365 628 454 683 captus
472 621 610 686 vinclisque
630 623 759 672 tenacibus
777 633 859 688 aptus,

196 703 285 751 Noluit
306 721 366 767 ergo
385 705 447 753 deus
465 707 570 755 carceris
589 725 642 756 esse
660 725 728 756 reus:
747 770 750 779 Δ

159 791 208 837 Ast
227 789 253 836 in
271 790 386 838 conclavi
405 791 499 856 dirupit
518 793 619 841 vincula
637 793 706 842 suavi

195 875 229 923 Et
246 875 331 924 fractis
345 876 442 925 foribus
462 878 556 941 prodiit
573 896 587 927 e
605 879 706 930 laribuS.

486 1063 532 1116 28.

294 1167 396 1226 Hircus‚
416 1170 519 1232 quando
537 1170 609 1230 bibit,

295 1253 366 1314 Quae
385 1271 436 1302 non
457 1263 515 1304 sunt
533 1255 620 1304 debita
638 1257 711 1313 dicit;

295 1340 360 1387 Cum
379 1341 444 1388 bene
463 1350 571 1404 potatur,

295 1426 367 1487 Quae
389 1443 439 1474 non
460 1435 518 1475 sunt
537 1427 625 1476 debita
643 1428 717 1478 fatur.

327 1513 392 1560 Cum
412 1513 477 1560 bene
500 1529 555 1560 sum
573 1521 648 1576 potus

327 1597 399 1645 Tunc
420 1597 532 1646 versibus
551 1597 725 1654 effluo-totus,

293 1683 358 1730 Cum
376 1683 443 1732 sicco
461 1682 547 1742 siccor,

294 1769 348 1816 Nec
361 1769 386 1815 in
400 1769 448 1826 hic,
463 1769 549 1818 necin
563 1769 632 1828 haee,
646 1769 728 1818 necin
740 1769 789 1816 hoc
801 1785 851 1816 cor.

452 1891 571 1898 -.-.-

486 1953 531 2006 29.

123 2059 152 2108 Si
171 2058 263 2122 aliquis
283 2059 387 2107 debibat
406 2061 527 2118 tunicam,

123 2147 217 2193 Postea
236 2145 341 2192 deludat
359 2145 497 2204 camisiam,

72 2271 75 2278 .
122 2231 159 2280 Et
178 2229 200 2277 si
217 2230 313 2294 aliquid
332 2231 389 2294 plus
408 2231 439 2279 de
459 2249 485 2280 re
503 2233 597 2296 sapitis,

122 2316 277 2364 Denudetur
297 2333 312 2364 a
330 2317 419 2380 planta
436 2317 508 2381 pedis
521 2319 644 2381 usquead
656 2317 775 2365 verticem
789 2315 890 2378 capitis:

121 2403 199 2450 Tunc
218 2401 286 2450 eritis
305 2403 409 2451 comites
427 2401 607 2467 apostolorum,

121 2488 194 2550 Quia
211 2487 237 2534 in
256 2505 357 2538 omnem
376 2497 466 2537 terram
485 2489 560 2538 exivit
578 2506 654 2538 sonus
672 2505 765 2546 eorum,

120 2576 156 2623 Et
177 2573 204 2620 in
224 2573 286 2623 fines
304 2573 371 2622 orbis
392 2583 472 2624 terrae
490 2577 594 2624 verbum
614 2592 707 2624 eorum.
