2206 3136
532 390 701 437 „90-

233 495 302 550 Coto,
323 501 410 542 auctor
426 493 490 551 libri,
512 495 555 559 qui
572 495 715 544 inscribitur
727 495 843 544 Disticha
854 497 963 546 Catonis
976 499 1005 548 in

265 562 349 610 medio
372 579 434 612 aevo
452 564 527 612 valde
551 564 648 623 dilecti,
674 565 717 628 qui
737 564 826 628 incipit
843 565 882 612 his
900 567 1003 615 verbis:

264 631 329 678 Cum
365 633 588 680 animadverterem
622 649 699 696 quarn
727 633 849 697 plurimos
880 633 1005 684 homines

264 715 344 746 errare
356 700 382 746 in
394 700 435 748 via
449 717 554 760 morum,
568 701 764 750 succurrendum
777 709 801 748 et
813 702 1002 752 consulendum

264 766 377 830 opinioni
394 785 480 817 eorum
498 769 552 817 fore
572 769 718 829 existimaui.

230 850 285 883 cero
304 837 397 884 tabella
415 845 505 885 cerata.

230 903 312 951 elerici
323 906 405 967 provi
422 923 472 954 non
491 906 615 956 liberales.

231 979 345 1036 cooptare
363 975 562 1025 accommodare.

229 1041 352 1089 coenobita
370 1043 518 1090 monachus.

230 1110 306 1158 colere
322 1126 478 1161 conservare.

230 1179 327 1226 collecto
351 1179 471 1242 pretium‚'
486 1178 657 1230 honorarium.

230 1248 396 1310 compendiose
413 1247 567 1299 festinanter.

229 1316 384 1379 compunctio
405 1316 569 1380 poenitentia.

230 1391 372 1448 computare
390 1400 528 1445 numerare,
547 1384 647 1432 habere.

229 1454 343 1500 conclave
361 1453 432 1502 locus
450 1453 569 1501 inclusus
636 1462 647 1485 ¹

230 1521 414 1570 condescendere
431 1521 635 1570 misericordiam¹
646 1521 746 1569 habere.

230 1590 343 1636 conscius
360 1589 497 1640 familiaris

229 1659 355 1704 consulere
375 1657 532 1706 consiliarius
549 1675 611 1707 esse.

231 1726 420 1790 contemptibilis
434 1726 498 1778 vilis.

229 1796 343 1842 contestis
358 1795 435 1843 testis.

230 1864 370 1911 crastinum
389 1863 497 1912 crastino
515 1863 564 1911 die.

231 1947 349 1980 crumena
367 1931 528 1982 Geldbeutel.

230 2001 334 2048 curialis
354 2000 439 2059 comis,
459 2000 576 2048 urbanus.

230 2154 301 2202 Dore
319 2155 472 2204 concedere.'

230 2223 325 2270 Davus
346 2223 405 2270 Geta
423 2223 513 2270 Btrn'a
531 2222 594 2270 servi
612 2221 686 2268 astuti
705 2221 793 2270 veteris
807 2221 967 2273 comoediae.

230 2291 336 2338 debibere
354 2291 466 2339 bibendo
488 2291 633 2354 deperdere.
692 2345 693 2348 Ἴ

230 2360 339 2406 decanus
357 2359 478 2422 praesidis
496 2359 610 2418 vicarius,
629 2375 651 2404 v.
672 2358 780 2422 praesul.

230 2428 326 2474 Decius
344 2428 414 2476 Deus
431 2428 487 2475 ludi
504 2427 594 2477 talarii.

124 2559 128 2566 ἡ
178 2557 180 2563 y
229 2497 352 2544 declinare
372 2497 446 2545 exire.

230 2565 361 2612 decretales
379 2567 485 2616 decreta.

231 2633 344 2680 deditere
360 2647 498 2696 pauperem
516 2631 605 2683 facere.
