2206 3136
494 341 664 390 „33-

553 457 599 512 39.
710 433 714 438 ’

197 548 268 609 Quos
286 547 340 596 vult
358 565 411 596 sors
431 547 501 607 ditat,
521 555 545 596 et
563 563 626 610 quos
644 547 706 605 vult,
732 547 779 594 sub
803 546 867 610 pede
886 546 969 595 tritat.

555 679 603 732 4⁰.
699 683 701 688 ’

232 770 282 831 Qui
301 770 364 834 petit
382 771 433 818 alta
450 770 533 827 nimis,
554 777 619 816 retro
640 769 725 832 lapsus
744 769 847 832 ponitur
864 767 930 814 imis.

521 866 640 873 ——--—-

510 918 660 973 ’4Ι..

233 1009 361 1072 Diligitur,
381 1009 472 1057 colitur
484 1025 560 1072 quem
579 1025 632 1056 sors
653 1007 778 1056 illuminat
796 1025 859 1066 aere,

233 1095 365 1162 Spernitur
383 1103 407 1144 et
425 1094 545 1158 premitur
560 1094 602 1158 qui
622 1095 693 1142 milla
709 1094 808 1142 videtur
825 1095 928 1142 habere.

521 1191 640 1282 *ff

268 1318 294 1367 Si
314 1317 391 1366 fueris
409 1318 486 1376 dives,
505 1318 640 1366 multorum
658 1318 733 1365 laude
756 1316 850 1375 frueris,

267 1405 301 1452 At
319 1403 449 1466 neglectus
467 1403 523 1460 eris,
544 1403 564 1451 si
584 1402 659 1466 copia
678 1403 748 1450 nulla
766 1403 797 1451 sit
815 1403 885 1451 aeris.

522 1499 641 1589 ‘'e—

212 1661 214 1664 -
269 1625 345 1673 Sume
362 1625 446 1674 cibum
467 1626 573 1684 modice,
593 1625 694 1673 modico
713 1634 799 1674 natura
818 1633 926 1684 tenetur,

269 1711 310 1758 sic
328 1727 420 1775 corpus
436 1710 516 1768 refice,
535 1727 567 1758 ne
585 1727 656 1758 mens
672 1709 759 1773 jejuna
776 1719 900 1774 gravetur.

563 1859 611 1912 44.

201 1949 286 1997 Vincit
304 1965 373 1997 amor
392 1965 530 2012 quemque,
558 1949 602 1996 sed
621 1965 759 2012 numquam
777 1949 883 1998 vincitur
903 1951 970 2015 ipse.

526 2053 645 2060 ..-—-

558 2097 606 2151 45.

236 2186 295 2233 Non
314 2194 352 2234 est
370 2187 394 2234 in
413 2188 520 2246 medico,
533 2203 639 2256 ¹semper
656 2189 779 2236 relevetur
797 2196 824 2236 ut
842 2205 927 2251 aeger,

269 2265 400 2319 Interduin
417 2273 492 2320 docta
510 2274 567 2337 plus
585 2273 650 2320 valet
672 2281 723 2320 arte
741 2289 838 2324 manus,

521 2379 640 2476 ἶεῗ

219 2508 278 2555 Non
294 2509 376 2558 honor
394 2518 431 2558 est
450 2512 494 2558 sed
511 2528 575 2559 onus
594 2511 690 2574 species
709 2511 806 2558 laesura
825 2510 950 2569 serentes;

255 2593 280 2640 Si
290 2593 352 2656 'qua
371 2595 440 2642 voles
459 2603 517 2657 apte
536 2597 640 2652 nubere,
661 2599 727 2642 nube
748 2595 808 2658 pari.
