<?xml version="1.0" encoding="UTF-8"?>
<!DOCTYPE html PUBLIC "-//W3C//DTD XHTML 1.0 Transitional//EN"
    "http://www.w3.org/TR/xhtml1/DTD/xhtml1-transitional.dtd">
<html xmlns="http://www.w3.org/1999/xhtml" xml:lang="en" lang="en">
 <head>
  <title>
</title>
<meta http-equiv="Content-Type" content="text/html;charset=utf-8" />
  <meta name='ocr-system' content='tesseract 3.04.00' />
  <meta name='ocr-capabilities' content='ocr_page ocr_carea ocr_par ocr_line ocrx_word'/>
</head>
<body>
  <div class='ocr_page' id='page_1' title='image "./carminaclericor00hagegoog_0105.png"; bbox 0 0 2206 3136; ppageno 0'>
   <div class='ocr_carea' id='block_1_1' title="bbox 525 303 702 350">
    <p class='ocr_par' dir='ltr' id='par_1_1' title="bbox 525 303 702 350">
     <span class='ocr_line' id='line_1_1' title="bbox 525 303 702 350; baseline -0.006 -24"><span class='ocrx_word' id='word_1_1' title='bbox 525 303 702 350; x_wconf 72' lang='lat'>..92-</span> 
     </span>
    </p>
   </div>
   <div class='ocr_carea' id='block_1_2' title="bbox 229 409 1031 680">
    <p class='ocr_par' dir='ltr' id='par_1_2' title="bbox 234 409 1031 541">
     <span class='ocr_line' id='line_1_2' title="bbox 234 409 1031 476; baseline 0.001 -16"><span class='ocrx_word' id='word_1_2' title='bbox 234 413 352 460; x_wconf 72' lang='lat' dir='ltr'>Galatiae</span> <span class='ocrx_word' id='word_1_3' title='bbox 368 412 456 466; x_wconf 82' lang='lat' dir='ltr'>turris,</span> <span class='ocrx_word' id='word_1_4' title='bbox 476 412 507 459; x_wconf 87' lang='lat' dir='ltr'>de</span> <span class='ocrx_word' id='word_1_5' title='bbox 526 411 570 458; x_wconf 85' lang='lat' dir='ltr'>ilia</span> <span class='ocrx_word' id='word_1_6' title='bbox 588 409 613 457; x_wconf 92' lang='lat' dir='ltr'>in</span> <span class='ocrx_word' id='word_1_7' title='bbox 629 410 701 469; x_wconf 85' lang='lat' dir='ltr'>libro,</span> <span class='ocrx_word' id='word_1_8' title='bbox 720 410 764 472; x_wconf 85' lang='lat' dir='ltr'>qui</span> <span class='ocrx_word' id='word_1_9' title='bbox 778 417 814 457; x_wconf 88' lang='lat' dir='ltr'>est</span> <span class='ocrx_word' id='word_1_10' title='bbox 830 409 861 456; x_wconf 89' lang='lat' dir='ltr'>de</span> <span class='ocrx_word' id='word_1_11' title='bbox 873 409 1031 476; x_wconf 83' lang='lat' dir='ltr'><strong>Pamphili</strong></span> 
     </span>
     <span class='ocr_line' id='line_1_3' title="bbox 266 478 711 541; baseline -0.007 -13"><span class='ocrx_word' id='word_1_12' title='bbox 266 489 289 528; x_wconf 87' lang='lat' dir='ltr'>et</span> <span class='ocrx_word' id='word_1_13' title='bbox 308 480 447 528; x_wconf 86' lang='lat' dir='ltr'>Galatheae</span> <span class='ocrx_word' id='word_1_14' title='bbox 465 479 600 537; x_wconf 84' lang='lat' dir='ltr'>amoribus,</span> <span class='ocrx_word' id='word_1_15' title='bbox 621 478 711 541; x_wconf 84' lang='lat' dir='ltr'>agitur.</span> 
     </span>
    </p>

    <p class='ocr_par' dir='ltr' id='par_1_3' title="bbox 229 550 467 612">
     <span class='ocr_line' id='line_1_4' title="bbox 229 550 467 612; baseline -0.004 -15"><span class='ocrx_word' id='word_1_16' title='bbox 229 550 330 612; x_wconf 84' lang='lat' dir='ltr'><em>gallina</em></span> <span class='ocrx_word' id='word_1_17' title='bbox 349 564 384 596; x_wconf 88' lang='lat' dir='ltr'>sc.</span> <span class='ocrx_word' id='word_1_18' title='bbox 405 564 467 596; x_wconf 87' lang='lat' dir='ltr'><em>assa.</em></span> 
     </span>
    </p>

    <p class='ocr_par' dir='ltr' id='par_1_4' title="bbox 234 614 822 680">
     <span class='ocr_line' id='line_1_5' title="bbox 234 614 822 680; baseline 0 -16"><span class='ocrx_word' id='word_1_19' title='bbox 234 618 361 666; x_wconf 60' lang='lat' dir='ltr'>waltardus</span> <span class='ocrx_word' id='word_1_20' title='bbox 380 618 436 664; x_wconf 91' lang='lat' dir='ltr'>Deo</span> <span class='ocrx_word' id='word_1_21' title='bbox 454 632 575 680; x_wconf 87' lang='lat' dir='ltr'>vagorum</span> <span class='ocrx_word' id='word_1_22' title='bbox 594 614 685 663; x_wconf 86' lang='lat' dir='ltr'>Goliae</span> <span class='ocrx_word' id='word_1_23' title='bbox 703 615 822 664; x_wconf 76' lang='lat' dir='ltr'>serviens,</span> 
     </span>
    </p>
   </div>
   <div class='ocr_carea' id='block_1_3' title="bbox 232 751 736 1090">
    <p class='ocr_par' dir='ltr' id='par_1_5' title="bbox 233 751 564 800">
     <span class='ocr_line' id='line_1_6' title="bbox 233 751 564 800; baseline -0.003 0"><span class='ocrx_word' id='word_1_24' title='bbox 233 753 389 800; x_wconf 82' lang='lat' dir='ltr'>Hnslrardns</span> <span class='ocrx_word' id='word_1_25' title='bbox 408 752 476 798; x_wconf 84' lang='lat' dir='ltr'>aleae</span> <span class='ocrx_word' id='word_1_26' title='bbox 495 751 564 800; x_wconf 56' lang='lat' dir='ltr'>deuo</span> 
     </span>
    </p>

    <p class='ocr_par' dir='ltr' id='par_1_6' title="bbox 232 819 736 944">
     <span class='ocr_line' id='line_1_7' title="bbox 232 819 736 882; baseline 0 -14"><span class='ocrx_word' id='word_1_27' title='bbox 232 823 272 868; x_wconf 87' lang='lat' dir='ltr'>hic</span> <span class='ocrx_word' id='word_1_28' title='bbox 290 822 349 867; x_wconf 81' lang='lat' dir='ltr'>haec</span> <span class='ocrx_word' id='word_1_29' title='bbox 366 821 410 866; x_wconf 80' lang='lat' dir='ltr'>hoc</span> <span class='ocrx_word' id='word_1_30' title='bbox 428 833 451 880; x_wconf 90' lang='lat'>3.</span> <span class='ocrx_word' id='word_1_31' title='bbox 470 819 569 882; x_wconf 85' lang='lat' dir='ltr'>generis</span> <span class='ocrx_word' id='word_1_32' title='bbox 587 819 736 868; x_wconf 57' lang='lat' dir='ltr'>communis</span> 
     </span>
     <span class='ocr_line' id='line_1_8' title="bbox 234 889 487 944; baseline -0.004 -8"><span class='ocrx_word' id='word_1_33' title='bbox 234 891 299 944; x_wconf 82' lang='lat' dir='ltr'><em>lzinc,</em></span> <span class='ocrx_word' id='word_1_34' title='bbox 321 889 377 935; x_wconf 76' lang='lat' dir='ltr'><em>inde</em></span> <span class='ocrx_word' id='word_1_35' title='bbox 395 896 487 936; x_wconf 87' lang='lat' dir='ltr'>et-et.</span> 
     </span>
    </p>

    <p class='ocr_par' dir='ltr' id='par_1_7' title="bbox 232 957 702 1090">
     <span class='ocr_line' id='line_1_9' title="bbox 232 957 702 1005; baseline -0.002 0"><span class='ocrx_word' id='word_1_36' title='bbox 232 957 317 1005; x_wconf 82' lang='lat' dir='ltr'><em>hordei</em></span> <span class='ocrx_word' id='word_1_37' title='bbox 334 971 452 1004; x_wconf 84' lang='lat' dir='ltr'>mensura</span> <span class='ocrx_word' id='word_1_38' title='bbox 473 957 560 1005; x_wconf 87' lang='lat' dir='ltr'>hordei</span> <span class='ocrx_word' id='word_1_39' title='bbox 580 957 702 1005; x_wconf 85' lang='lat' dir='ltr'>modium.</span> 
     </span>
     <span class='ocr_line' id='line_1_10' title="bbox 232 1025 628 1090; baseline -0.003 -17"><span class='ocrx_word' id='word_1_40' title='bbox 232 1027 357 1089; x_wconf 82' lang='lat' dir='ltr'>hospitare</span> <span class='ocrx_word' id='word_1_41' title='bbox 377 1025 488 1089; x_wconf 88' lang='lat' dir='ltr'>hospitio</span> <span class='ocrx_word' id='word_1_42' title='bbox 507 1025 628 1090; x_wconf 87' lang='lat' dir='ltr'>excipere.</span> 
     </span>
    </p>
   </div>
   <div class='ocr_carea' id='block_1_4' title="bbox 233 1162 821 1633">
    <p class='ocr_par' dir='ltr' id='par_1_8' title="bbox 234 1162 821 1293">
     <span class='ocr_line' id='line_1_11' title="bbox 236 1162 821 1226; baseline 0.002 -17"><span class='ocrx_word' id='word_1_43' title='bbox 236 1163 378 1226; x_wconf 76' lang='lat' dir='ltr'>Inipendere</span> <span class='ocrx_word' id='word_1_44' title='bbox 398 1178 485 1208; x_wconf 77' lang='lat' dir='ltr'>curam</span> <span class='ocrx_word' id='word_1_45' title='bbox 506 1164 618 1209; x_wconf 73' lang='lat' dir='ltr'>vomeris</span> <span class='ocrx_word' id='word_1_46' title='bbox 636 1164 695 1210; x_wconf 86' lang='lat' dir='ltr'>dare</span> <span class='ocrx_word' id='word_1_47' title='bbox 715 1162 821 1224; x_wconf 87' lang='lat' dir='ltr'>aliquid.</span> 
     </span>
     <span class='ocr_line' id='line_1_12' title="bbox 234 1231 410 1293; baseline 0.023 -16"><span class='ocrx_word' id='word_1_48' title='bbox 234 1231 342 1278; x_wconf 80' lang='lat' dir='ltr'>incestus</span> <span class='ocrx_word' id='word_1_49' title='bbox 361 1231 410 1293; x_wconf 86' lang='lat' dir='ltr'>adj.</span> 
     </span>
    </p>

    <p class='ocr_par' dir='ltr' id='par_1_9' title="bbox 233 1298 510 1361">
     <span class='ocr_line' id='line_1_13' title="bbox 233 1298 510 1361; baseline 0.007 -15"><span class='ocrx_word' id='word_1_50' title='bbox 233 1299 355 1361; x_wconf 78' lang='lat' dir='ltr'>infistare</span> <span class='ocrx_word' id='word_1_51' title='bbox 391 1298 510 1348; x_wconf 85' lang='lat' dir='ltr'>insidiari.</span> 
     </span>
    </p>

    <p class='ocr_par' dir='ltr' id='par_1_10' title="bbox 233 1367 631 1429">
     <span class='ocr_line' id='line_1_14' title="bbox 233 1367 631 1429; baseline 0 -15"><span class='ocrx_word' id='word_1_52' title='bbox 233 1368 331 1415; x_wconf 81' lang='lat' dir='ltr'><em>inhiare</em></span> <span class='ocrx_word' id='word_1_53' title='bbox 348 1367 438 1415; x_wconf 88' lang='lat' dir='ltr'>oculos</span> <span class='ocrx_word' id='word_1_54' title='bbox 456 1367 579 1429; x_wconf 85' lang='lat' dir='ltr'>conjicere</span> <span class='ocrx_word' id='word_1_55' title='bbox 598 1367 631 1414; x_wconf 84' lang='lat' dir='ltr'>in.</span> 
     </span>
    </p>

    <p class='ocr_par' dir='ltr' id='par_1_11' title="bbox 233 1435 577 1498">
     <span class='ocr_line' id='line_1_15' title="bbox 233 1435 577 1498; baseline 0 -16"><span class='ocrx_word' id='word_1_56' title='bbox 233 1436 331 1498; x_wconf 83' lang='lat' dir='ltr'><em>insigne</em></span> <span class='ocrx_word' id='word_1_57' title='bbox 349 1447 380 1497; x_wconf 85' lang='lat'>23</span> <span class='ocrx_word' id='word_1_58' title='bbox 400 1453 446 1498; x_wconf 89' lang='lat' dir='ltr'>pro</span> <span class='ocrx_word' id='word_1_59' title='bbox 464 1435 577 1498; x_wconf 82' lang='lat' dir='ltr'>insignis.</span> 
     </span>
    </p>

    <p class='ocr_par' dir='ltr' id='par_1_12' title="bbox 234 1504 562 1566">
     <span class='ocr_line' id='line_1_16' title="bbox 234 1504 562 1566; baseline 0.006 -16"><span class='ocrx_word' id='word_1_60' title='bbox 234 1504 353 1551; x_wconf 83' lang='lat' dir='ltr'><em>insudare</em></span> <span class='ocrx_word' id='word_1_61' title='bbox 371 1519 474 1566; x_wconf 84' lang='lat' dir='ltr'>operam</span> <span class='ocrx_word' id='word_1_62' title='bbox 495 1505 562 1552; x_wconf 86' lang='lat' dir='ltr'>dare.</span> 
     </span>
    </p>

    <p class='ocr_par' dir='ltr' id='par_1_13' title="bbox 234 1571 535 1633">
     <span class='ocr_line' id='line_1_17' title="bbox 234 1571 535 1633; baseline 0.003 -15"><span class='ocrx_word' id='word_1_63' title='bbox 234 1573 366 1633; x_wconf 78' lang='lat' dir='ltr'><em>integritas</em></span> <span class='ocrx_word' id='word_1_64' title='bbox 384 1571 535 1620; x_wconf 89' lang='lat' dir='ltr'>innocentia.</span> 
     </span>
    </p>
   </div>
   <div class='ocr_carea' id='block_1_5' title="bbox 228 1708 604 1841">
    <p class='ocr_par' dir='ltr' id='par_1_14' title="bbox 228 1708 604 1841">
     <span class='ocr_line' id='line_1_18' title="bbox 234 1708 604 1772; baseline 0.014 -16"><span class='ocrx_word' id='word_1_65' title='bbox 234 1708 340 1771; x_wconf 84' lang='lat' dir='ltr'>Jndicio</span> <span class='ocrx_word' id='word_1_66' title='bbox 360 1721 380 1756; x_wconf 93' lang='lat'>1.</span> <span class='ocrx_word' id='word_1_67' title='bbox 402 1725 436 1756; x_wconf 89' lang='lat' dir='ltr'>sc.</span> <span class='ocrx_word' id='word_1_68' title='bbox 456 1708 481 1756; x_wconf 89' lang='lat' dir='ltr'>in</span> <span class='ocrx_word' id='word_1_69' title='bbox 499 1709 604 1772; x_wconf 88' lang='lat' dir='ltr'>judicio.</span> 
     </span>
     <span class='ocr_line' id='line_1_19' title="bbox 228 1778 454 1841; baseline 0.013 -16"><span class='ocrx_word' id='word_1_70' title='bbox 228 1778 331 1841; x_wconf 83' lang='lat' dir='ltr'>jugiter</span> <span class='ocrx_word' id='word_1_71' title='bbox 348 1793 454 1840; x_wconf 86' lang='lat' dir='ltr'>semper.</span> 
     </span>
    </p>
   </div>
   <div class='ocr_carea' id='block_1_6' title="bbox 236 1913 985 2177">
    <p class='ocr_par' dir='ltr' id='par_1_15' title="bbox 236 1913 475 1976">
     <span class='ocr_line' id='line_1_20' title="bbox 236 1913 475 1976; baseline 0.004 -14"><span class='ocrx_word' id='word_1_72' title='bbox 236 1917 340 1976; x_wconf 77' lang='lat' dir='ltr'><em>Largus</em></span> <span class='ocrx_word' id='word_1_73' title='bbox 357 1913 475 1963; x_wconf 76' lang='lat' dir='ltr'>liberaliS.</span> 
     </span>
    </p>

    <p class='ocr_par' dir='ltr' id='par_1_16' title="bbox 237 1982 474 2030">
     <span class='ocr_line' id='line_1_21' title="bbox 237 1982 474 2030; baseline 0 0"><span class='ocrx_word' id='word_1_74' title='bbox 237 1983 337 2030; x_wconf 81' lang='lat' dir='ltr'>latitare</span> <span class='ocrx_word' id='word_1_75' title='bbox 355 1982 474 2030; x_wconf 85' lang='lat' dir='ltr'>cunctari.</span> 
     </span>
    </p>

    <p class='ocr_par' dir='ltr' id='par_1_17' title="bbox 237 2053 452 2112">
     <span class='ocr_line' id='line_1_22' title="bbox 237 2053 452 2112; baseline -0.005 -14"><span class='ocrx_word' id='word_1_76' title='bbox 237 2053 318 2112; x_wconf 77' lang='lat' dir='ltr'>legare</span> <span class='ocrx_word' id='word_1_77' title='bbox 335 2058 452 2102; x_wconf 85' lang='lat' dir='ltr'>statuere.</span> 
     </span>
    </p>

    <p class='ocr_par' dir='ltr' id='par_1_18' title="bbox 236 2117 985 2177">
     <span class='ocr_line' id='line_1_23' title="bbox 236 2117 985 2177; baseline 0 -11"><span class='ocrx_word' id='word_1_78' title='bbox 236 2120 313 2167; x_wconf 81' lang='lat' dir='ltr'>levita</span> <span class='ocrx_word' id='word_1_79' title='bbox 335 2118 463 2177; x_wconf 82' lang='lat' dir='ltr'>diaconus,</span> <span class='ocrx_word' id='word_1_80' title='bbox 483 2118 602 2174; x_wconf 87' lang='lat' dir='ltr'>minister,</span> <span class='ocrx_word' id='word_1_81' title='bbox 622 2119 739 2166; x_wconf 84' lang='lat' dir='ltr'>sacerdos</span> <span class='ocrx_word' id='word_1_82' title='bbox 757 2117 859 2167; x_wconf 84' lang='lat' dir='ltr'>secundi</span> <span class='ocrx_word' id='word_1_83' title='bbox 878 2117 985 2166; x_wconf 75' lang='lat' dir='ltr'>ordinis.</span> 
     </span>
    </p>
   </div>
   <div class='ocr_carea' id='block_1_7' title="bbox 237 2272 915 2596">
    <p class='ocr_par' dir='ltr' id='par_1_19' title="bbox 237 2272 697 2336">
     <span class='ocr_line' id='line_1_24' title="bbox 237 2272 697 2336; baseline -0.002 -16"><span class='ocrx_word' id='word_1_84' title='bbox 237 2273 336 2333; x_wconf 83' lang='lat' dir='ltr'><em>Magus</em></span> <span class='ocrx_word' id='word_1_85' title='bbox 354 2272 397 2334; x_wconf 88' lang='lat' dir='ltr'>qui</span> <span class='ocrx_word' id='word_1_86' title='bbox 419 2280 483 2320; x_wconf 86' lang='lat' dir='ltr'>artes</span> <span class='ocrx_word' id='word_1_87' title='bbox 502 2273 612 2336; x_wconf 87' lang='lat' dir='ltr'>magicas</span> <span class='ocrx_word' id='word_1_88' title='bbox 631 2273 697 2320; x_wconf 86' lang='lat' dir='ltr'>colit.</span> 
     </span>
    </p>

    <p class='ocr_par' dir='ltr' id='par_1_20' title="bbox 239 2339 915 2471">
     <span class='ocr_line' id='line_1_25' title="bbox 240 2339 915 2404; baseline -0.004 -16"><span class='ocrx_word' id='word_1_89' title='bbox 240 2341 389 2388; x_wconf 83' lang='lat' dir='ltr'>mandatnm</span> <span class='ocrx_word' id='word_1_90' title='bbox 408 2341 560 2389; x_wconf 83' lang='lat' dir='ltr'>dominicum</span> <span class='ocrx_word' id='word_1_91' title='bbox 578 2341 713 2389; x_wconf 76' lang='lat' dir='ltr'>auctoritas</span> <span class='ocrx_word' id='word_1_92' title='bbox 724 2342 796 2404; x_wconf 85' lang='lat' dir='ltr'>Jesus</span> <span class='ocrx_word' id='word_1_93' title='bbox 813 2339 915 2388; x_wconf 76' lang='lat' dir='ltr'>Christi.</span> 
     </span>
     <span class='ocr_line' id='line_1_26' title="bbox 239 2409 514 2471; baseline 0.011 -15"><span class='ocrx_word' id='word_1_94' title='bbox 239 2409 398 2471; x_wconf 81' lang='lat' dir='ltr'><em>snarsupium</em></span> <span class='ocrx_word' id='word_1_95' title='bbox 417 2409 514 2460; x_wconf 89' lang='lat' dir='ltr'>Beutel.</span> 
     </span>
    </p>

    <p class='ocr_par' dir='ltr' id='par_1_21' title="bbox 237 2479 552 2526">
     <span class='ocr_line' id='line_1_27' title="bbox 237 2479 552 2526; baseline 0 -2"><span class='ocrx_word' id='word_1_96' title='bbox 237 2479 370 2525; x_wconf 76' lang='lat' dir='ltr'>Martinus</span> <span class='ocrx_word' id='word_1_97' title='bbox 391 2494 424 2525; x_wconf 87' lang='lat' dir='ltr'>sc.</span> <span class='ocrx_word' id='word_1_98' title='bbox 444 2487 552 2526; x_wconf 83' lang='lat' dir='ltr'>sanctus.</span> 
     </span>
    </p>

    <p class='ocr_par' dir='ltr' id='par_1_22' title="bbox 238 2546 535 2596">
     <span class='ocr_line' id='line_1_28' title="bbox 238 2546 535 2596; baseline 0.01 -4"><span class='ocrx_word' id='word_1_99' title='bbox 238 2548 377 2593; x_wconf 76' lang='lat' dir='ltr'>snatntinae</span> <span class='ocrx_word' id='word_1_100' title='bbox 399 2562 432 2596; x_wconf 87' lang='lat' dir='ltr'>sc.</span> <span class='ocrx_word' id='word_1_101' title='bbox 452 2546 535 2596; x_wconf 84' lang='lat' dir='ltr'>horae.</span> 
     </span>
    </p>
   </div>
   <div class='ocr_carea' id='block_1_8' title="bbox 0 0 1109 3136">
    <p class='ocr_par' dir='ltr' id='par_1_23' title="bbox 0 0 1109 3136">
     <span class='ocr_line' id='line_1_29' title="bbox 0 0 1109 3136; baseline 0 0"><span class='ocrx_word' id='word_1_102' title='bbox 0 0 1109 3136; x_wconf 95' lang='lat' dir='ltr'> </span> 
     </span>
    </p>
   </div>
  </div>
 </body>
</html>
