2160 3134
269 1006 387 1068 Fratri
410 1008 678 1068 delectissimo!

149 1119 252 1203 Longe
270 1157 375 1200 mecum,
395 1141 470 1189 frater
493 1141 627 1200 carissime,
647 1143 768 1205 cogitavi,
795 1143 857 1206 quid

86 1217 132 1264 tibi
157 1218 291 1282 gymnasio
315 1218 432 1266 absoluto
457 1218 482 1265 in
508 1218 695 1267 universitatem
718 1220 856 1267 litterarum

86 1295 208 1357 migranti
227 1295 332 1355 mittam,
352 1311 403 1358 quo
422 1296 486 1344 duce
504 1297 576 1359 quasi
598 1303 623 1343 et
641 1297 812 1358 gubernaculo
831 1297 855 1343 in

84 1371 178 1420 studiis
197 1372 286 1420 artium
307 1372 517 1436 scientiarumque
536 1372 703 1436 occupatione
720 1372 804 1432 utaris,
824 1390 856 1421 ne

19 1457 20 1496 ζ
84 1455 158 1496 tanta
176 1448 329 1496 abundantis
347 1447 496 1514 eruditionis
509 1448 629 1496 varietate
648 1465 677 1497 ac
689 1449 771 1513 copia,
791 1465 856 1513 quae

19 1579 20 1590 1
84 1533 108 1572 te
126 1525 303 1584 circumdabit,
323 1523 405 1572 ebrius
424 1524 468 1574 fias
487 1541 550 1574 neve
569 1525 680 1588 jocunde
699 1534 723 1574 et
735 1526 854 1585 hilariter,

19 1607 21 1654 l
81 1601 126 1664 qui
146 1601 213 1649 inter
231 1601 338 1664 majores
356 1608 454 1649 nostros
473 1618 528 1648 mos
546 1609 606 1662 erat,
626 1603 688 1650 ratio
706 1603 807 1650 vivendi
826 1620 855 1652 ex

19 1669 20 1736 ᾗ
80 1678 165 1726 oculis
178 1685 202 1726 te
215 1679 297 1748 abeat.
317 1677 384 1726 Nam
396 1678 462 1727 hanc
474 1677 575 1726 vivendi
588 1679 711 1728 rationem
725 1679 864 1743 negligeres

80 1755 120 1802 vel
150 1753 240 1816 sugere
264 1763 288 1802 et
310 1755 336 1802 in
359 1754 409 1802 illis
433 1763 531 1802 tantum
556 1755 645 1804 sudare
671 1755 760 1804 studiis
784 1756 852 1805 idem

78 1841 118 1880 est
143 1839 224 1894 atque
247 1831 280 1878 ad
304 1832 436 1880 hominum
462 1848 538 1894 quem
564 1832 672 1896 majores
698 1833 776 1881 nostri
801 1827 853 1895 jani

76 1908 201 1956 dixerunt
221 1908 393 1958 Philistiorum
411 1925 514 1972 gregem
535 1910 661 1970 accedere,
681 1926 757 1973 quem
776 1927 854 1973 quum

76 1993 256 2033 antecessores
281 1987 360 2034 nostri
378 1986 540 2034 mediaevarii
557 1986 689 2050 fugiebant
708 1995 761 2035 tum
778 1988 855 2036 hodie

78 2071 179 2126 poetae
197 2078 243 2111 nec
262 2079 313 2112 non
331 2064 484 2128 professores
502 2063 693 2128 praeclarissimi
705 2064 855 2128 philologici

80 2148 106 2187 et
120 2138 247 2198 historici,
260 2140 397 2204 theologici
410 2149 434 2188 et
447 2139 577 2190 aesthetici
592 2141 617 2188 in
630 2141 750 2204 despectu
762 2141 855 2190 habere

19 2275 20 2278 Ἴ
79 2216 153 2266 libris
180 2231 263 2279 exque
287 2217 412 2266 cathedris
437 2218 536 2266 docent.
577 2217 610 2266 Et
634 2234 665 2265 ne
683 2218 715 2266 de
735 2234 760 2266 re
778 2235 855 2283 parva

19 2313 20 2324 ¹
78 2309 120 2342 me
140 2294 232 2342 credas
248 2295 325 2342 verba
343 2295 433 2354 facere,
454 2311 515 2344 voce
533 2295 585 2343 alta
597 2310 677 2358 nuper
689 2311 854 2359 permagnum

19 2425 20 2428 Ἴ
75 2370 142 2420 inter
168 2369 314 2419 Germanos
341 2371 441 2420 illorum
469 2371 601 2419 hominum
631 2387 763 2420 numerum
793 2388 853 2430 esse,

74 2447 141 2496 inter
175 2463 221 2496 eos
254 2448 342 2498 florere
367 2465 516 2513 semperque
546 2447 659 2496 floruisse
682 2449 853 2496 Philistiorum

76 2525 255 2574 studiosorum
280 2541 360 2588 genus
384 2534 409 2574 et
427 2541 503 2590 grave
521 2525 553 2574 ab
571 2540 601 2572 eo
621 2525 761 2588 periculum
779 2526 853 2574 rebus

55 2600 228 2666 ‚germanicis
265 2601 411 2666 impendere
438 2603 564 2652 clamabat
593 2602 718 2665 professor
747 2604 852 2667 quidam
