2160 3134
563 341 593 381 vt

205 458 366 515 Helveticus,
400 457 444 520 qui
470 457 640 506 biliosissimis
669 460 751 508 verbis
780 460 898 507 omnibus
928 462 975 523 qui

204 536 304 583 credere
329 542 444 598 possunt,
471 535 661 593 demonstravit,
687 537 775 600 paucis
797 536 908 600 exceptis
925 553 976 584 nos

203 612 346 660 Germanos
376 628 465 660 omnes
492 628 522 659 ex
549 613 708 661 studiositate
734 621 820 661 nostra
845 613 977 677 philistica

162 715 165 719 ·
202 689 323 737 barbaros
335 705 397 746 esse,
412 688 514 752 propria
527 689 605 736 animi
618 690 724 748 cultura,
743 706 809 753 quae
825 690 895 754 apud
907 689 976 738 alios

203 774 269 814 esset
289 767 408 829 populos,
427 781 511 814 carere
523 781 608 829 neque
620 767 654 814 ad
667 766 737 814 illam
752 783 836 830 neque
848 767 881 814 ad
892 766 975 814 sacul-

204 850 284 890 tatum
302 842 381 890 animi
399 841 557 889 harmoniam
569 859 624 890 esse
635 850 807 906 perventuros,
826 842 875 890 nisi
891 859 977 906 genus

204 917 360 981 philisticum
388 917 453 965 inter
479 934 525 965 nos
556 925 642 981 pereat
668 917 837 980 juventusque
859 919 977 968 studiosa

203 996 251 1043 sibi
273 1002 360 1044 cavent
382 1011 415 1042 ne
443 993 606 1042 contentione
636 993 784 1042 eruditionis
813 1003 838 1043 et
863 995 977 1044 maxime

203 1073 393 1138 praeteritarum
421 1087 504 1120 rerum
532 1072 618 1121 studio
646 1071 777 1135 ingenium
800 1089 873 1121 suum
896 1072 977 1120 suffo-

204 1160 281 1200 cetur.
317 1149 395 1209 Dixit,
414 1158 440 1198 et
456 1150 556 1199 locutus
574 1158 612 1198 est
635 1149 767 1214 propheta

273 1225 357 1290 Ergo,
383 1241 415 1275 ne
433 1243 483 1287 eas,
502 1227 585 1288 irater,
605 1227 671 1275 inter
688 1228 787 1275 turbam
805 1225 974 1290 philisticam!

207 1305 326 1368 Sequaris
338 1304 444 1367 insignis
457 1305 504 1353 viri
516 1305 675 1363 sententiam,
686 1304 789 1367 ingenio
798 1312 843 1351 tuo
852 1302 974 1366 gaudeas,

207 1381 277 1430 vivas
296 1389 320 1430 et
339 1382 423 1440 bibas,
449 1390 477 1430 ut
499 1382 583 1430 clerici
607 1381 644 1428 illi
668 1379 828 1428 mediaevarii
848 1377 928 1442 jocosi
947 1386 975 1426 et

205 1459 290 1505 canori
309 1457 370 1505 olim
387 1457 526 1504 faciebant:
545 1458 580 1504 ita
597 1464 640 1503 aut
658 1457 722 1502 nihil
739 1471 815 1503 noces
827 1463 870 1503 aut
881 1455 975 1518 genius

204 1533 297 1592 evadis,
322 1532 449 1597 philistius
475 1533 559 1581 hercle
577 1531 687 1579 minime.
723 1531 789 1579 Ecce
806 1531 884 1593 igitur
900 1547 974 1594 prae·

204 1609 296 1657 sidium
323 1617 348 1658 et
374 1625 455 1668 arma,
486 1608 579 1672 quibus
611 1607 649 1655 usi
675 1615 734 1655 sunt
759 1607 866 1671 majores
892 1608 973 1656 nostri

206 1693 348 1750 pugnantes
366 1693 454 1734 contra
471 1685 599 1735 Philistios
616 1701 755 1748 eorumque
772 1701 851 1744 curas,
869 1684 972 1732 illorum

206 1762 318 1812 carmina
343 1770 368 1810 et
397 1761 504 1812 cantica.
548 1762 618 1810 Cane
646 1769 670 1810 et
695 1762 729 1810 ad
756 1763 861 1811 verbum
887 1761 974 1810 edisce

204 1839 317 1904 lepidum
346 1838 467 1898 libellum,
494 1855 571 1902 quem
594 1839 640 1886 tibi
659 1839 758 1898 dedico,
785 1855 886 1902 quoque
911 1853 973 1885 con·

204 1916 320 1976 tinentur,
346 1931 410 1980 quae
433 1917 499 1963 inter
521 1916 614 1979 pocula
635 1915 672 1962 illi
689 1915 822 1973 canebant,
849 1909 974 1962 memoria

204 1993 323 2040 tenebant
337 1993 479 2056 quibusque
490 1992 575 2040 invitis
588 1992 708 2039 Philistiis
721 1991 873 2054 gaudebant.
897 1989 971 2038 Vaie.
